% This file was created with JabRef 2.10.
% Encoding: Cp1252


@Manual{RCore2017,
  title = {\proglang{R}: {A} Language and Environment for Statistical Computing},
  author = {{\proglang{R} Core Team}},
  organization = {\proglang{R} Foundation for Statistical Computing},
  address = {Vienna, Austria},
  year = {2017},
  url = {https://www.R-project.org}
}

@Manual{Rinker2017,
  title =        {\pkg{sentimentr}: {C}alculate Text Polarity Sentiment},
  author =       {Tyler W. Rinker},
  organization = {University at Buffalo/SUNY},
  address =      {Buffalo, New York},
  year =         {2017},
  note =         {version 1.0.0},
  url =          {http://github.com/trinker/sentimentr}
}

@Manual{Jockers2015,
  Title                    = {\pkg{Syuzhet}: {E}xtract Sentiment and Plot Arcs from Text},
  Author                   = {Matthew L. Jockers},
  Year                     = {2015},
  note =         {version 1.0.1},
  Url                      = {https://github.com/mjockers/syuzhet}
}

@Manual{Rinker2016,
  Title                    = {\pkg{qdap}: {Q}uantitative Discourse Analysis Package},

  Address                  = {Buffalo, New York},
  Author                   = {Tyler W. Rinker},
  Note                     = {version 2.2.1},
  Organization             = {University at Buffalo/SUNY},
  Year                     = {2016},

  Doi                      = {10.5281/zenodo.11124},
  Url                      = {http://github.com/trinker/qdap}
}

@InProceedings{Pang2002,
  author =    {Bo Pang and Lillian Lee and Shivakumar Vaithyanathan},
  title =     {Thumbs Up? {S}entiment Classification Using Machine Learning Techniques},
  booktitle = {Proceedings of {EMNLP}},
  year =      {2002},
  pages =     {79-86}
}


@InProceedings{Pang2004,
  Title                    = {A Sentimental Education: {S}entiment Analysis Using Subjectivity Summarization Based on Minimum Cuts},
  Author                   = {Bo Pang and Lillian Lee},
  Booktitle                = {Proceedings of the {ACL}},
  Year                     = {2004},
  Pages                    = {271-278},

  Url                      = {http://www.cs.cornell.edu/home/llee/papers/cutsent.pdf}
}


@InProceedings{Socher2013,
  Title                    = {Recursive Deep Models for Semantic Compositionality Over a Sentiment Treebank},
  Author                   = {Socher, Richard and Perelygin, Alex and Wu, Jean and Chuang, Jason and Manning, Christopher D. and Ng, Andrew and Potts, Christopher},
  Booktitle                = {Proceedings of the 2013 Conference on Empirical Methods in Natural Language Processing},
  Year                     = {2013},

  Address                  = {Seattle, Washington, USA},
  Month                    = {October},
  Pages                    = {1631-1642},
  Publisher                = {Association for Computational Linguistics},

  Url                      = {http://www.aclweb.org/anthology/D13-1170}
}


@InProceedings{Kotzias2015,
  Title                    = {From group to individual labels using deep features},
  Author                   = {Kotzias, D. and Denil, M. and {De Freitas}, N. and and Smyth, P.},
  Booktitle                = {Proceedings of the 21th ACM SIGKDD International Conference on Knowledge Discovery and Data Mining},
  Year                     = {2015},

  Address                  = {Sydney, Australia},
  Month                    = {August},
  Pages                    = {597-606},
  Publisher                = {ACM},
  DOI = {10.1145/2783258.2783380},
  Url                      = {http://mdenil.com/media/papers/2015-deep-multi-instance-learning.pdf}
}



@Book{Liu2010,
  Title                    = {Sentiment Analysis and Subjectivity},
  Author                   = {Liu, Bing},
  Editor                   = {Indurkhya, N. and Damerau, F. J.},
  Year                     = {2010},

  Owner                    = {Rinker},
  Refid                    = {383},
  Timestamp                = {2011.11.07},
  Url                      = {http://www.cs.uic.edu/~liub/FBS/NLP-handbook-sentiment-analysis.pdf}
}

@Book{Liu2012,
  title =     {Sentiment Analysis and Opinion Mining},
  publisher = {Morgan \& Claypool},
  year =      {2012},
  author =    {Liu, B.},
  series =    {Synthesis digital library of engineering and computer science},
  doi =       {10.2200/S00416ED1V01Y201204HLT016}
}

@Book{Pang2008,
  title =     {Opinion Mining and Sentiment Analysis},
  publisher = {Now Publishers Inc},
  year =      {2008},
  author =    {Bo Pang and Lillian Lee},
  doi =       {10.1561/1500000001},
  owner =     {Rinker},
  timestamp = {2011.12.08},
  url =       {http://www.cs.cornell.edu/home/llee/omsa/omsa-published.pdf}
}

@Article{Kang2012,
  author =  {Hanhoon Kang and Seong Joon Yoo and Dongil Han},
  title =   {Senti-lexicon and improved Na\"{i}ve Bayes algorithms for sentiment analysis of restaurant reviews },
  journal = {Expert Systems with Applications },
  year =    {2012},
  volume =  {39},
  number =  {5},
  pages =   {6000-6010},
  doi =     {10.1016/j.eswa.2011.11.107}
}

@Article{Kennedy2006,
  author =  {Kennedy, Alistair and Inkpen, Diana},
  title =   {Sentiment Classification of Movie Reviews Using Contextual Valence Shifters},
  journal = {Computational Intelligence},
  year =    {2006},
  volume =  {22},
  number =  {2},
  pages =   {110-125},
  doi =     {10.1111/j.1467-8640.2006.00277.x}
}

@Article{Prabowo2009,
  Title                    = {Sentiment Analysis: {A} Combined Approach},
  Author                   = {Rudy Prabowo and Mike Thelwall},
  Journal                  = {Journal of Informetrics},
  Year                     = {2009},

  Month                    = {April},
  Pages                    = {143-157},
  Volume                   = {3},

  Doi                      = {doi:10.1016/j.joi.2009.01.003},
  Owner                    = {Rinker},
  Timestamp                = {2011.12.09},
  Url                      = {http://www.cyberemotions.eu/rudy-sentiment-preprint.pdf}
}

@Article{Shah2014,
  author =  {Vaidehi Shah and Purvi Rekh},
  title =   {A Survey: {I}mportance of Negation in Sentiment Analysis},
  journal = {International Journal of Emerging Technology and Advanced Engineering},
  year =    {2014},
  volume =  {4},
  number =  {3},
  pages =   {70-73},
  url =     {http://www.ijetae.com/files/Volume4Issue3/IJETAE_0314_12.pdf}
}

@Article{Taboada2011,
  Title                    = {Lexicon-Based Methods for Sentiment Analysis},
  Author                   = {Taboada, Maite and Brooke, Julian and Tofiloski, Milan and Voll, Kimberly and Stede, Manfred},
  Journal                  = {Computational Linguistics},
  Year                     = {2011},
  Pages                    = {267-307},
  Volume                   = {37},

  Doi                      = {10.1162/COLI_a_00049},
  Owner                    = {Rinker},
  Timestamp                = {2011.12.09}
}

@Manual{Bose2017,
  title = {\pkg{RSentiment}: {A}nalyse Sentiment of English Sentences},
  author = {Subhasree Bose},
  year = {2017},
  note = {R package version 2.1.1},
  url = {https://CRAN.R-project.org/package=RSentiment}
}

@InProceedings{Manning2014,
  Title                    = {The {Stanford} {CoreNLP} Natural Language Processing Toolkit},
  Author                   = {Christopher D. Manning and Surdeanu, Mihai and Bauer, John and Finkel, Jenny and Bethard, Steven J. and McClosky, David},
  Booktitle                = {{Proceedings of 52nd Annual Meeting of the Association for Computational Linguistics: System Demonstrations}},
  Year                     = {2014},
  Pages                    = {55-60},

  Url                      = {http://www.aclweb.org/anthology/P/P14/P14-5010}
}

@Manual{Feuerriegel2016,
  title = {SentimentAnalysis: Dictionary-based sentiment analysis},
  author = {Stefan Feuerriegel and Nicolas Proellochs},
  year = {2016},
  note = {R package version 1.1-0},
  url = {https://github.com/sfeuerriegel/SentimentAnalysis},
}


@Manual{Rinker2016b,
  title = {\pkg{stansent}: {W}rapper of {S}tanford's Sentiment Tagger},
  author = {Tyler W. Rinker},
  organization = {University at Buffalo/SUNY},
  address = {Buffalo, New York},
  note = {version 0.2.0},
  year = {2015},
  url = {http://github.com/trinker/stansent}
}


@Manual{Schmidt2017,
  title = {\pkg{meanr}: {B}asic Sentiment Analysis Scorer},
  author = {Drew Schmidt},
  note = {{R} package version 0.1-0},
  year = {2017},  
  url = {https://cran.r-project.org/package=meanr}
}


@Manual{Rinker2017b,
  title = {\pkg{lexicon}: Lexicon Data},
  author = {Tyler W. Rinker},
  organization = {University at Buffalo/SUNY},
  address = {Buffalo, New York},
  note = {version 0.3.0},
  year = {2017},
  url = {http://github.com/trinker/lexicon}
}



